
@article{zhou2022multihead,
  title={Multi-head attention-based two-stream EfficientNet for action recognition},
  author={Zhou, Aihua and Ma, Yujun and Ji, Wanting and Zong, Ming and Yang, Pei and Wu, Min and Liu, Mingzhe},
  journal={Multimedia Systems},
  volume={29},
  pages={1--12},
  year={2022},
  doi={10.1007/s00530-022-00961-3}
}


@misc{tan2020efficientnet,
      title={EfficientNet: Rethinking Model Scaling for Convolutional Neural Networks}, 
      author={Mingxing Tan and Quoc V. Le},
      year={2020},
      eprint={1905.11946},
      archivePrefix={arXiv},
      primaryClass={cs.LG}
}

@misc{zhang2022using,
      title={Using deep convolutional neural networks to classify poisonous and edible mushrooms found in China}, 
      author={Baiming Zhang and Ying Zhao and Zhixiang Li},
      year={2022},
      eprint={2210.10351},
      archivePrefix={arXiv},
      primaryClass={cs.CV}
}

@article{ketwongsa2022new,
  title={A new deep learning model for the classification of poisonous and edible mushrooms based on improved AlexNet convolutional neural network},
  author={Ketwongsa, Wacharaphol and Boonlue, Sophon and Kokaew, Urachart},
  journal={Applied Sciences},
  volume={12},
  number={7},
  pages={3409},
  year={2022},
  publisher={MDPI}
}

@inproceedings{wibowo2018classification,
  title={Classification algorithm for edible mushroom identification},
  author={Wibowo, Agung and Rahayu, Yuri and Riyanto, Andi and Hidayatulloh, Taufik},
  booktitle={2018 International Conference on Information and Communications Technology (ICOIACT)},
  pages={250--253},
  year={2018},
  organization={IEEE}
}

@article{dominguez2021study,
  title={A study of OWA operators learned in convolutional neural networks},
  author={Dominguez-Catena, Iris and Paternain, Daniel and Galar, Mikel},
  journal={Applied Sciences},
  volume={11},
  number={16},
  pages={7195},
  year={2021},
  publisher={MDPI}
}





@inproceedings{inproceedings,
author = {Tarawneh, Omar and Tarawneh, Monther and Sharrab, Yousef and Altarawneh, Moath},
year = {2022},
month = {07},
pages = {},
title = {Mushroom classification using machine-learning techniques},
doi = {10.1063/5.0174721}
}

@article{alzubaidi2021review,
  title={Review of deep learning: concepts, CNN architectures, challenges, applications, future directions},
  author={Alzubaidi, Laith and Zhang, Jinglan and Humaidi, Amjad J and Al-Dujaili, Ayad and Duan, Ye and Al-Shamma, Omran and Santamar{\'\i}a, Jos{\'e} and Fadhel, Mohammed A and Al-Amidie, Muthana and Farhan, Laith},
  journal={Journal of big Data},
  volume={8},
  pages={1--74},
  year={2021},
  publisher={Springer}
}

@inproceedings{hussain2019study,
  title={A study on CNN transfer learning for image classification},
  author={Hussain, Mahbub and Bird, Jordan J and Faria, Diego R},
  booktitle={Advances in Computational Intelligence Systems: Contributions Presented at the 18th UK Workshop on Computational Intelligence, September 5-7, 2018, Nottingham, UK},
  pages={191--202},
  year={2019},
  organization={Springer}
}